@article{ANTONIO201941,
    title = "Hotel booking demand datasets",
    journal = "Data in Brief",
    volume = "22",
    pages = "41 - 49",
    year = "2019",
    issn = "2352-3409",
    doi = "https://doi.org/10.1016/j.dib.2018.11.126",
    url = "http://www.sciencedirect.com/science/article/pii/S2352340918315191",
    author = "Nuno Antonio and Ana {de Almeida} and Luis Nunes"
}

@phdthesis{ZhangApproaches,
    author = {Zhang, Yueqian},
    year = {2019},
    month = {08},
    pages = {},
    title = {Forecasting Hotel Demand Using Machine Learning Approaches}
}

@article{sanchez2020using,
  title={Using machine learning and big data for efficient forecasting of hotel booking cancellations},
  author={S{\'a}nchez-Medina, Agust{\'\i}n J and Eleazar, C and others},
  journal={International Journal of Hospitality Management},
  volume={89},
  pages={102546},
  year={2020},
  publisher={Elsevier}
}

@article{weatherford2003comparison,
  title={A comparison of forecasting methods for hotel revenue management},
  author={Weatherford, Larry R and Kimes, Sheryl E},
  journal={International journal of forecasting},
  volume={19},
  number={3},
  pages={401--415},
  year={2003},
  publisher={Elsevier}
}

@article{zhang2019forecasting,
  title={Forecasting hotel accommodation demand based on LSTM model incorporating internet search index},
  author={Zhang, Binru and Pu, Yulian and Wang, Yuanyuan and Li, Jueyou},
  journal={Sustainability},
  volume={11},
  number={17},
  pages={4708},
  year={2019},
  publisher={Multidisciplinary Digital Publishing Institute}
}

@INPROCEEDINGS{Zhang2019Deep,  
    author={Q. {Zhang} and L. {Qiu} and H. {Wu} and J. {Wang} and H. {Luo}},  
    booktitle={2019 International Conference on Data Mining Workshops (ICDMW)},   
    title={Deep Learning Based Dynamic Pricing Model for Hotel Revenue Management},   
    year={2019},  volume={},  number={},  pages={370-375},  doi={10.1109/ICDMW.2019.00061}
}

@misc{probst2017tune,
      title={To tune or not to tune the number of trees in random forest?}, 
      author={Philipp Probst and Anne-Laure Boulesteix},
      year={2017},
      eprint={1705.05654},
      archivePrefix={arXiv},
      primaryClass={stat.ML}
}

@article{Probst_2019,
   title={Hyperparameters and tuning strategies for random forest},
   volume={9},
   ISSN={1942-4795},
   url={http://dx.doi.org/10.1002/widm.1301},
   DOI={10.1002/widm.1301},
   number={3},
   journal={Wiley Interdisciplinary Reviews: Data Mining and Knowledge Discovery},
   publisher={Wiley},
   author={Probst, Philipp and Wright, Marvin N. and Boulesteix, Anne‚ÄêLaure},
   year={2019},
   month={Jan}
}

@article{geurts2006,
    title = {Extremely randomized trees},
    author = {Geurts, Pierre and Ernst, Damien and Wehenkel, Louis},
    journal = {Machine Language},
    year = {2006}, month = {Apr},
    url = {https://link.springer.com/article/10.1007/s10994-006-6226-1},
}

@article{freund1999short,
  title={A short introduction to boosting},
  author={Freund, Yoav and Schapire, Robert and Abe, Naoki},
  journal={Journal-Japanese Society For Artificial Intelligence},
  volume={14},
  number={771-780},
  pages={1612},
  year={1999},
  publisher={JAPANESE SOC ARTIFICIAL INTELL}
}

@misc{guo2017deepfm,
      title={DeepFM: A Factorization-Machine based Neural Network for CTR Prediction}, 
      author={Huifeng Guo and Ruiming Tang and Yunming Ye and Zhenguo Li and Xiuqiang He},
      year={2017},
      eprint={1703.04247},
      archivePrefix={arXiv},
      primaryClass={cs.IR}
}

@article{kumari2017machine,
  title={Machine learning: A review on binary classification},
  author={Kumari, Roshan and Srivastava, Saurabh Kr},
  journal={International Journal of Computer Applications},
  volume={160},
  number={7},
  year={2017},
  publisher={Foundation of Computer Science}
}